@article{Hothorn2005,
  author = {T[orsten] Hothorn and K[urt] Hornik and A[chim] Zeileis},
  title = {Unbiased recursive partitioning: A conditional inference framework},
  journal = {Journal of Computational and Graphical Statistics},
  year = {2006},
  volume = {15},
  number = {3},
  pages = {651--674},
  url = {http://statmath.wu-wien.ac.at/~zeileis/papers/Hothorn+Hornik+Zeileis-2006.pdf},
  doi = {http://dx.doi.org/10.1.1.92.9930}
}

@article{Schapire:1990:SWL:83637.83645,
 author = {Schapire, Robert E.},
 title = {The Strength of Weak Learnability},
 journal = {Mach. Learn.},
 issue_date = {Jun. 1990},
 volume = {5},
 number = {2},
 month = jul,
 year = {1990},
 issn = {0885-6125},
 pages = {197--227},
 numpages = {31},
 url = {http://dx.doi.org/10.1023/A:1022648800760},
 doi = {10.1023/A:1022648800760},
 acmid = {83645},
 publisher = {Kluwer Academic Publishers},
 address = {Hingham, MA, USA},
 keywords = {Machine learning, PAC learning, learnability theory, learning from examples, polynomial-time identification},
} 

@article{Buehlmann:2008:StatSci,
  author = {Peter B\"{u}hlmann and Torsten Hothorn},
  title = {Boosting Algorithms: Regularization, Prediction and Model Fitting},
  journal = {Statistical Science},
  year = {2007},
  volume = {22},
  number = {4},
  pages = {477--505},
  doi = {10.1214/07-STS242},
  arxiv = {0804.2752},
  note = {with discussion},
  code = {http://cran.r-project.org/web/packages/mboost/vignettes/mboost_illustrations.pdf},
  data = {http://cran.r-project.org/web/packages/mboost/vignettes/mboost_illustrations.pdf}
}

@incollection{boostingoverfit,
year={2007},
isbn={978-3-540-74957-8},
booktitle={Machine Learning: ECML 2007},
volume={4701},
series={Lecture Notes in Computer Science},
editor={Kok, JoostN. and Koronacki, Jacek and Mantaras, RaomonLopezde and Matwin, Stan and Mladeniƒç, Dunja and Skowron, Andrzej},
doi={10.1007/978-3-540-74958-5_40},
title={Avoiding Boosting Overfitting by Removing Confusing Samples},
url={http://dx.doi.org/10.1007/978-3-540-74958-5_40},
publisher={Springer Berlin Heidelberg},
author={Vezhnevets, Alexander and Barinova, Olga},
pages={430-441}
}

@InProceedings{Freund+Schapire:1996,
  author =       "Freund, Yoav and Schapire, Robert E.",
  title =        "Experiments with a New Boosting Algorithm",
  booktitle =    "Proceedings of the Thirteenth International Conference on Machine Learning (ICML 1996)",
  year =         "1996",
  ISBN =         "1-55860-419-7",
  editor =    "Saitta, Lorenza",
  publisher = "Morgan Kaufmann",
  pages =     "148-156",
  url = "http://www.biostat.wisc.edu/~kbroman/teaching/statgen/2004/refs/freund.pdf",
  bib2html_rescat = "Parameter",
}
